<?xml version="1.0" encoding="UTF-8"?><collection xmlns="http://www.loc.gov/MARC21/slim"><record><leader>00407nam--2200145-i-4500</leader><controlfield tag="001">000002943</controlfield><controlfield tag="002">20161230</controlfield><controlfield tag="005">20170204203232</controlfield><controlfield tag="008">060222s1000------------r-----000-0-eng-d</controlfield><datafield ind1=" " ind2=" " tag="100"><subfield code="a">Canuel, J</subfield></datafield><datafield ind1=" " ind2=" " tag="245"><subfield code="a">La commande electromagnetique et electronique des machines-outiles. Preface de J. Fieux</subfield></datafield><datafield ind1=" " ind2=" " tag="260"><subfield code="a">Paris</subfield><subfield code="b">Dunod</subfield><subfield code="c">1952</subfield></datafield><datafield ind1=" " ind2=" " tag="300"><subfield code="a">VII + 340 p</subfield></datafield><datafield ind1=" " ind2=" " tag="700"><subfield code="a">Fouille, A</subfield></datafield><datafield ind1=" " ind2=" " tag="CAT"><subfield code="a">SYS</subfield><subfield code="c">20170204</subfield><subfield code="h">203232</subfield></datafield></record></collection>